
@article{Vasquez:2020,
author = { Rodrigo A. Vasquez and Luis A. Ebensperger and Francisco Bozinovic Trenholm},
title = {{The influence of habitat on travel speed,
intermittent locomotion, and vigilance in a
diurnal rodent}},
journal = {Behavioral Ecology},
year = {2002},
volume = {13},
number = {2},
pages = {182-187},
month = 
}

@article{Maffei:1973hh,
author = {Maffei, L and Fiorentini, A and Bisti, S},
title = {{Neural Correlate of Perceptual Adaptation to Gratings}},
journal = {Science (New York, NY)},
year = {1973},
volume = {182},
number = {4116},
pages = {1036--1038},
month = dec
}

@article{RN2970,
   author = {Yuste, R.},
   title = {From the neuron doctrine to neural networks},
   journal = {Nat Rev Neurosci},
   volume = {16},
   number = {8},
   pages = {487-97},
   ISSN = {1471-0048 (Electronic)
1471-003X (Linking)},
   DOI = {10.1038/nrn3962},
   url = {https://www.ncbi.nlm.nih.gov/pubmed/26152865
https://www.nature.com/articles/nrn3962.pdf},
   year = {2015},
   type = {Journal Article}
}

@article{Trenholm:us,
author = {Trenholm, Stuart and McLaughlin, Amanda J and Schwab, David J and Turner, Maxwell H and Smith, Robert G and Rieke, Fred and Awatramani, Gautam B},
title = {{Nonlinear dendritic integration of electrical and chemical synaptic inputs drives fine-scale correlations}},
journal = {Nature neuroscience},
year = {2014},
volume = {17},
number = {12},
pages = {1759--1766},
month = dec
}

@article{Vidne:2011is,
author = {Vidne, Michael and Ahmadian, Yashar and Shlens, Jonathon and Pillow, Jonathan W and Kulkarni, Jayant and Litke, Alan M and Chichilnisky, E J and Simoncelli, Eero and Paninski, Liam},
title = {{Modeling the impact of common noise inputs on the network activity of retinal ganglion cells}},
journal = {Journal of computational neuroscience},
year = {2011},
volume = {33},
number = {1},
pages = {97--121},
month = dec
}

@article{Greschner:2011fk,
author = {Greschner, Martin and Shlens, Jonathon and Bakolitsa, Constantina and Field, Greg D and Gauthier, Jeffrey L and Jepson, Lauren H and Sher, Alexander and Litke, Alan M and Chichilnisky, E J},
title = {{Correlated firing among major ganglion cell types in primate retina}},
journal = {The Journal of Physiology},
year = {2011},
volume = {589},
number = {1},
pages = {75--86},
month = jan
}

@article{Manookin:2006gl,
author = {Manookin, Michael B and Demb, Jonathan B},
title = {{Presynaptic Mechanism for Slow Contrast Adaptation in Mammalian Retinal Ganglion Cells}},
journal = {Neuron},
year = {2006},
volume = {50},
number = {3},
pages = {453--464},
month = may
}

@article{Smirnakis:vu,
author = {Smirnakis, Stelios M and Berry, Michael J and Warland, David K and Bialek, William and Meister, Markus},
title = {{Adaptation of retinal processing to image contrast and spatial scale}},
journal = {Nature},
year = {1997},
volume = {386},
number = {6620},
pages = {69--73},
month = mar
}

@article{CarrilloReid:2016jn,
author = {Carrillo-Reid, Luis and Yang, Weijian and Bando, Yuki and Peterka, Darcy S and Yuste, Rafael},
title = {{Imprinting and recalling cortical ensembles}},
journal = {Science (New York, NY)},
year = {2016},
volume = {353},
number = {6300},
pages = {691--694},
month = aug
}

@article{Miller:2014eq,
author = {Miller, Jae-Eun Kang and Ayzenshtat, Inbal and Carrillo-Reid, Luis and Yuste, Rafael},
title = {{Visual stimuli recruit intrinsically generated cortical ensembles}},
journal = {Proc Natl Acad Sci U S A},
year = {2014},
volume = {111},
number = {38},
pages = {E4053--E4061},
month = sep
}

@article{MOVSHON:1979fv,
author = {Movshon, J Anthony and Lennie, Peter},
title = {{Pattern-selective adaptation in visual cortical neurones}},
journal = {Nature},
year = {1979},
volume = {278},
number = {5707},
pages = {850--852},
month = apr
}

@article{Buzsaki:2010jh,
author = {Buzs{\'a}ki, Gy{\"o}rgy},
title = {{Neural Syntax: Cell Assemblies, Synapsembles, and Readers}},
journal = {Neuron},
year = {2010},
volume = {68},
number = {3},
pages = {362--385},
month = nov
}

@article{Buzsaki:2004bi,
author = {Buzs{\'a}ki, Gy{\"o}rgy},
title = {{Large-scale recording of neuronal ensembles.}},
journal = {Nature neuroscience},
year = {2004},
volume = {7},
number = {5},
pages = {446--451},
month = may
}

@article{Chavez:2003bn,
author = {Chavez, A E and Bozinovic, F and Peichl, L and Palacios, A G},
title = {{Retinal spectral sensitivity, fur coloration, and urine reflectance in the genus Octodon (Rodentia): Implications for visual ecology}},
journal = {Invest Ophthalmol Vis Sci},
year = {2003},
volume = {44},
number = {5},
pages = {2290--2296},
month = may
}

@article{Jacobs:2003dd,
author = {Jacobs, G H and Calderone, J B and Fenwick, J A and Krogh, K and Williams, G A},
title = {{Visual adaptations in a diurnal rodent, Octodon degus.}},
journal = {Journal of comparative physiology A, Neuroethology, sensory, neural, and behavioral physiology},
year = {2003},
volume = {189},
number = {5},
pages = {347--361},
month = may,
annote = {EY02052/EY/NEI NIH HHS/United States
Comparative Study
Journal Article
Research Support, U.S. Gov't, P.H.S.
United States}
}

@article{Segev:2004cu,
author = {Segev, Ronen and Goodhouse, Joe and Puchalla, Jason and Berry, Michael J},
title = {{Recording spikes from a large fraction of the ganglion cells in a retinal patch.}},
journal = {Nature neuroscience},
year = {2004},
volume = {7},
number = {10},
pages = {1154--1161},
month = oct,
annote = {1097-6256 (Print)
Journal Article
Research Support, Non-U.S. Gov't
Research Support, U.S. Gov't, P.H.S.}
}

@article{Demb:2007bk,
author = {Demb, Jonathan B},
title = {{Cellular Mechanisms for Direction Selectivity in the Retina}},
journal = {Neuron},
year = {2007},
volume = {55},
number = {2},
pages = {179--186},
month = jul
}

@article{Vaney:2002ey,
author = {Vaney, D},
title = {{Direction selectivity in the retina}},
journal = {Current opinion in neurobiology},
year = {2002},
volume = {12},
number = {4},
pages = {405--410},
month = aug
}

@article{Rose:1977fg,
author = {Rose, David},
title = {{Responses of single units in cat visual cortex to moving bars of light as a function of bar length}},
journal = {The Journal of Physiology},
year = {1977},
volume = {271},
number = {1},
pages = {1--23},
month = sep
}

@article{CarrilloReid:2015fm,
author = {Carrillo-Reid, Luis and Lopez-Huerta, Violeta G and Garcia-Munoz, Marianela and Theiss, Stephan and Arbuthnott, Gordon W},
title = {{Cell Assembly Signatures Defined by Short-Term Synaptic Plasticity in Cortical Networks}},
journal = {International journal of neural systems},
year = {2015},
volume = {25},
number = {07},
pages = {1550026},
month = aug
}

@article{Han:2008hw,
author = {Han, Feng and Caporale, Natalia and Dan, Yang},
title = {{Reverberation of Recent Visual Experience in Spontaneous Cortical Waves}},
journal = {Neuron},
year = {2008},
volume = {60},
number = {2},
pages = {321--327},
month = oct
}

@article{Ohki:2005ce,
author = {Ohki, Kenichi and Chung, Sooyoung and Ch'ng, Yeang H and Kara, Prakash and Reid, R Clay},
title = {{Functional imaging with cellular resolution reveals precise micro-architecture in visual cortex}},
journal = {Nature},
year = {2005},
volume = {433},
number = {7026},
pages = {597--603},
month = feb
}

@article{Meister:1995jc,
author = {Meister, Markus and Lagnado, Leon and Baylor, Denis A},
title = {{Concerted Signaling by Retinal Ganglion Cells}},
journal = {Science (New York, NY)},
year = {1995},
volume = {270},
number = {5239},
pages = {1207--1210},
month = nov
}

@article{Brivanlou:1998gx,
author = {Brivanlou, Iman H and Warland, David K and Meister, Markus},
title = {{Mechanisms of Concerted Firing among Retinal Ganglion Cells}},
journal = {Neuron},
year = {1998},
volume = {20},
number = {3},
pages = {527--539},
month = mar
}

@article{Barlow:1964fj,
author = {Barlow, H B and Hill, R M and Levick, W R},
title = {{Retinal ganglion cells responding selectively to direction and speed of image motion in the rabbit}},
journal = {The Journal of Physiology},
year = {1964},
volume = {173},
number = {3},
pages = {377--407},
month = sep
}

@article{Meister:1999ed,
author = {Meister, Markus and Berry, Michael J},
title = {{The Neural Code of the Retina}},
journal = {Neuron},
year = {1999},
volume = {22},
number = {3},
pages = {435--450},
month = mar
}

@article{Hu:2003hi,
author = {Hu, Edward H and Bloomfield, Stewart A},
title = {{Gap Junctional Coupling Underlies the Short-Latency Spike Synchrony of Retinal $\alpha$ Ganglion Cells}},
journal = {The Journal of neuroscience : the official journal of the Society for Neuroscience},
year = {2003},
volume = {23},
number = {17},
pages = {6768--6777},
month = jul
}

@article{Sharpee:2007de,
author = {Sharpee, Tatyana and Bialek, William},
title = {{Neural Decision Boundaries for Maximal Information Transmission}},
journal = {PLoS ONE},
year = {2007},
volume = {2},
number = {7},
pages = {e646},
month = jul
}

@article{Levine:1998wu,
author = {Levine, M W},
title = {{Cross-correlation between neurons: a source of information about the nervous system.}},
journal = {Biosystems},
year = {1998},
volume = {48},
number = {1-3},
pages = {139--146},
month = sep
}

@article{Mastronarde:1983io,
author = {Mastronarde, D N},
title = {{Correlated firing of cat retinal ganglion cells. II. Responses of X- and Y-cells to single quantal events.}},
journal = {Journal of neurophysiology},
year = {1983},
volume = {49},
number = {2},
pages = {325--349},
month = feb
}

@book{Shannon:1998ti,
author = {Shannon, Claude E and Weaver, Warren},
title = {{The Mathematical Theory of Communication}},
publisher = {University of Illinois Press},
year = {1998},
month = sep
}

@article{Mastronarde:1987hg,
author = {Mastronarde, D N},
title = {{Two classes of single-input X-cells in cat lateral geniculate nucleus. I. Receptive-field properties and classification of cells.}},
journal = {Journal of neurophysiology},
year = {1987},
volume = {57},
number = {2},
pages = {357--380},
month = feb
}

@article{Mastronarde:1983dt,
author = {Mastronarde, D N},
title = {{Correlated firing of cat retinal ganglion cells. I. Spontaneously active inputs to X- and Y-cells.}},
journal = {Journal of neurophysiology},
year = {1983},
volume = {49},
number = {2},
pages = {303--324},
month = feb
}

@article{Yger:2018hy,
author = {Yger, Pierre and Spampinato, Giulia L B and Esposito, Elric and Lefebvre, Baptiste and Deny, St{\'e}phane and Gardella, Christophe and Stimberg, Marcel and Jetter, Florian and Zeck, Guenther and Picaud, Serge and Duebel, Jens and Marre, Olivier},
title = {{A spike sorting toolbox for up to thousands of electrodes validated with ground truth recordings in vitro and in vivo}},
journal = {eLife},
year = {2018},
volume = {7}
}
@article{Barlow:2001ub,
author = {Barlow, H},
title = {{Redundancy reduction revisited.}},
journal = {Network},
year = {2001},
volume = {12},
number = {3},
pages = {241--253},
month = aug
}

@article{Nirenberg:2001hy,
author = {Nirenberg, S and Carcieri, S M and Jacobs, A L and Latham, P E},
title = {{Retinal ganglion cells act largely as independent encoders}},
journal = {Nature},
year = {2001},
volume = {411},
number = {6838},
pages = {698--701},
month = jun
}

@article{Olveczky:2003ka,
author = {{\"O}lveczky, Bence P and Baccus, Stephen A and Meister, Markus},
title = {{Segregation of object and background motion in the retina}},
journal = {Nature},
year = {2003},
volume = {423},
number = {6938},
pages = {401--408},
month = may
}

@article{Munch:2009hy,
author = {M{\"u}nch, Thomas A and da Silveira, Rava Azeredo and Siegert, Sandra and Viney, Tim James and Awatramani, Gautam B and Roska, Botond},
title = {{Approach sensitivity in the retina processed by a multifunctional neural circuit.}},
journal = {Nature neuroscience},
year = {2009},
volume = {12},
number = {10},
pages = {1308--1316},
month = oct
}
@article{Born:1992kz,
author = {Born, R T and Tootell, R B},
title = {{Segregation of global and local motion processing in primate middle temporal visual area.}},
journal = {Nature},
year = {1992},
volume = {357},
number = {6378},
pages = {497--499},
month = jun
}

@article{Frost:1983vf,
author = {Frost, B J and Nakayama, K},
title = {{Single visual neurons code opposing motion independent of direction.}},
journal = {Science (New York, NY)},
year = {1983},
volume = {220},
number = {4598},
pages = {744--745},
month = may
}

@article{Hammond:1982uk,
author = {Hammond, P and Smith, A T},
title = {{On the sensitivity of complex cells in feline striate cortex to relative motion.}},
journal = {Experimental Brain Research},
year = {1982},
volume = {47},
number = {3},
pages = {457--460}
}

@article{Hochstein:1976vr,
author = {Hochstein, S and Shapley, R M},
title = {{Quantitative analysis of retinal ganglion cell classifications.}},
journal = {The Journal of physiology},
year = {1976},
volume = {262},
number = {2},
pages = {237--264},
month = nov
}

@article{Sumbul:2014hs,
author = {S{\"u}mb{\"u}l, Uygar and Song, Sen and McCulloch, Kyle and Becker, Michael and Lin, Bin and Sanes, Joshua R and Masland, Richard H and Seung, H Sebastian},
title = {{A genetic and computational approach to structurally classify neuronal types.}},
journal = {Nature communications},
year = {2014},
volume = {5},
pages = {3512},
month = mar
}

@article{Farrow:2011gi,
author = {Farrow, Karl and Masland, Richard H},
title = {{Physiological clustering of visual channels in the mouse retina.}},
journal = {Journal of neurophysiology},
year = {2011},
volume = {105},
number = {4},
pages = {1516--1530},
month = apr
}

@article{Sanes:2015fe,
author = {Sanes, Joshua R and Masland, Richard H},
title = {{The types of retinal ganglion cells: current status and implications for neuronal classification.}},
journal = {Annual review of neuroscience},
year = {2015},
volume = {38},
pages = {221--246},
month = jul
}

@article{Wassle:2004jy,
author = {W{\"a}ssle, Heinz},
title = {{Parallel processing in the mammalian retina.}},
journal = {Nature Publishing Group},
year = {2004},
volume = {5},
number = {10},
pages = {747--757},
month = oct
}

@article{Gollisch:2010kv,
author = {Gollisch, Tim and Meister, Markus},
title = {{Eye smarter than scientists believed: neural computations in circuits of the retina.}},
journal = {Neuron},
year = {2010},
volume = {65},
number = {2},
pages = {150--164},
month = jan
}

@book{Hebb:1961vs,
author = {Hebb, Donald Olding},
title = {{The Organization of Behavior}},
publisher = {New York : Science Editions, 1961 [c1949]},
year = {1961},
series = {A Neuropsychological Theory}
}

@article{PalaciosMunoz:2014gi,
author = {Palacios-Mu{\~n}oz, Angelina and Escobar, Maria J and Vielma, Alex and Araya, Joaquin and Astudillo, Aland and Valdivia, Gonzalo and Garc{\'\i}a, Isaac E and Hurtado, Jos{\'e} and Schmachtenberg, Oliver and Mart{\'\i}nez, Agust{\'\i}n D and Palacios, Adri{\'a}n G},
title = {{Role of connexin channels in the retinal light response of a diurnal rodent.}},
journal = {Frontiers in cellular neuroscience},
year = {2014},
volume = {8},
number = {2},
pages = {249}
}
@article{RN3475,
   author = {Carrillo-Reid, L. and Han, S. and Yang, W. and Akrouh, A. and Yuste, R.},
   title = {Controlling Visually Guided Behavior by Holographic Recalling of Cortical Ensembles},
   journal = {Cell},
   volume = {178},
   number = {2},
   pages = {447-457 e5},
   ISSN = {1097-4172 (Electronic)
0092-8674 (Linking)},
   DOI = {10.1016/j.cell.2019.05.045},
   url = {https://www.ncbi.nlm.nih.gov/pubmed/31257030
https://www.ncbi.nlm.nih.gov/pmc/articles/PMC6747687/pdf/nihms-1049885.pdf},
   year = {2019},
   type = {Journal Article}
}
@article{RN3476,
   author = {Carrillo-Reid, L. and Yang, W. and Bando, Y. and Peterka, D. S. and Yuste, R.},
   title = {Imprinting and recalling cortical ensembles},
   journal = {Science},
   volume = {353},
   number = {6300},
   pages = {691-4},
   ISSN = {1095-9203 (Electronic)
0036-8075 (Linking)},
   DOI = {10.1126/science.aaf7560},
   year = {2016},
   type = {Journal Article}
}

@article{RN3482,
   author = {Sanchez-Vives, M. V. and Mattia, M. and Compte, A. and Perez-Zabalza, M. and Winograd, M. and Descalzo, V. F. and Reig, R.},
   title = {Inhibitory modulation of cortical up states},
   journal = {J Neurophysiol},
   volume = {104},
   number = {3},
   pages = {1314-24},
   ISSN = {1522-1598 (Electronic)
0022-3077 (Linking)},
   DOI = {10.1152/jn.00178.2010},
   url = {https://www.ncbi.nlm.nih.gov/pubmed/20554835},
   year = {2010},
   type = {Journal Article}
}
@article{RN3487,
   author = {Wallace, D. J. and Kerr, J. N.},
   title = {Chasing the cell assembly},
   journal = {Curr Opin Neurobiol},
   ISSN = {1873-6882 (Electronic)
0959-4388 (Linking)},
   DOI = {10.1016/j.conb.2010.05.003},
   url = {https://www.ncbi.nlm.nih.gov/pubmed/20570133},
   year = {2010},
   type = {Journal Article}
}
@article{RN3517,
   author = {Perez-Ortega, J. and Duhne, M. and Lara-Gonzalez, E. and Plata, V. and Gasca, D. and Galarraga, E. and Hernandez-Cruz, A. and Bargas, J.},
   title = {Pathophysiological signatures of functional connectomics in parkinsonian and dyskinetic striatal microcircuits},
   journal = {Neurobiol Dis},
   volume = {91},
   pages = {347-61},
   ISSN = {1095-953X (Electronic)
0969-9961 (Linking)},
   DOI = {10.1016/j.nbd.2016.02.023},
   url = {https://www.ncbi.nlm.nih.gov/pubmed/26951948},
   year = {2016},
   type = {Journal Article}
}
@article{RN3518,
   author = {Sasaki, T. and Matsuki, N. and Ikegaya, Y.},
   title = {Metastability of active CA3 networks},
   journal = {J Neurosci},
   volume = {27},
   number = {3},
   pages = {517-28},
   ISSN = {1529-2401 (Electronic)
0270-6474 (Linking)},
   DOI = {10.1523/JNEUROSCI.4514-06.2007},
   url = {https://www.ncbi.nlm.nih.gov/pubmed/17234584},
   year = {2007},
   type = {Journal Article}
}
